@inbook{Open_Shaffer,
   author = { Gregorio Oscar Glas and Julio Guillermo Zola  },
   title = "Fundamentos de Circuitos Amplificadores 2ed.",
   publisher = "Nueva Librería.",
   year = "2011",
   chapter = "4.6.1",
   pages   = {178-180},
   keywords  = "Telecomunicaciones, Procesamiento de señales"
}
@manual{LM741,
    organization  = "Fairchild Semiconductor\textregistered",
    title         = "Single Operational Amplifier",
    number        = "LM741",
    note          = "Rev. 2.0.0"
}